    @MISC{IMS-skripta,
      author =          "Petr Peringer",
      title  =          "\it{Modelování a simulace - studijní opora}",
      url    =          "https://wis.fit.vutbr.cz/FIT/st/cfs.php/course/IMS-IT/texts/opora-ims.pdf",
      note   =          "[Online; citováno 7. 4. 2019]"
    }

@mastersthesis{Zapletal2016,
  author = {Marek Zapletal},
  title = {Implementace a testování vybraných optimalizačních metod pro úlohy odhadu parametrů simulačních modelů},
  address = {Brno},
  year = {2016},
  school = {Vysoké učení technické v Brně, Fakulta strojního inženýrství},
  type = {Diplomová práce},
}

@misc{Gilberto,
  author = {Urroz Gilberto E},
  title = {Comparison of Scilab syntax and Functions to Matlab},
  year = {2001},
  pages = {13},
  medium = {online},
  accessed = {2019-04-26},
  URL = {https://agenda.ct.infn.it/event/319/material/6/0.pdf},
  howpublished = "infocleaninghouse.com"
}

@book{OctaveManual,
  author    = {John W. Eaton, David Bateman, S\oren Hauberg, and Rik
Wehbring},
  title     = {{GNU Octave} version 5.0.1 manual: a high-level
interactive language for numerical computations},
  publisher = {CreateSpace Independent Publishing Platform},
  year      = {2018},
  note      = {{ISBN} 1441413006},
  url       = {http://www.gnu.org/software/octave/doc/interpreter},
  accessed  = {\today}
}

    @article{Schaller1997,
        author = {R.R. Schaller},
        journal = {IEEE Spectrum},
        title = {Moore's law},
        subtitle = {past, present and future},
        year = {1997},
        pages = {52-59},
        volume = {34},
        number = {6},
        ISSN = {0018-9235},
        medium = {online},
        accessed = {2019-04-19},
        DOI = {10.1109/6.591665},
        URL = {http://ieeexplore.ieee.org/document/591665/},
    }

@misc{modelica-example,
  author = {Michael M. Tiller},
  journal = {Modelica by Example},
  title = {Modelica by Example},
  medium = {online},
  accessed = {2019-04-21},
  URL = {http://book.xogeny.com/behavior/equations/physical/\#physical-types},
}

@book{MATLAB:2010,
year = {2010},
author = {MATLAB},
title = {version 7.10.0 (R2010a)},
publisher = {The MathWorks Inc.},
address = {Natick, Massachusetts}
}

@INPROCEEDINGS{Fritzson02modelica--,
    author = {Peter Fritzson and Peter Bunus},
    title = {Modelica -- A General Object-Oriented Language for Continuous and Discrete-Event System Modeling},
    booktitle = {IN PROCEEDINGS OF THE 35TH ANNUAL SIMULATION SYMPOSIUM},
    year = {2002},
    pages = {14--18},
    publisher = {}
}

@Misc{scipy,
  author =    {Eric Jones and Travis Oliphant and Pearu Peterson and others},
  title =     {{SciPy}: Open source scientific tools for {Python}},
  year =      {2001--2019},
  url = "http://www.scipy.org/",
  note = {[Online; citováno \today]}
}

@article{James_2015,
  doi = {10.1088/0264-9381/32/6/065001},
  url = {https://doi.org/10.1088%2F0264-9381%2F32%2F6%2F065001},
  year = 2015,
  month = {feb},
  publisher = {{IOP} Publishing},
  volume = {32},
  number = {6},
  pages = {065001},
  author = {Oliver James and Eug{\'{e}}nie von Tunzelmann and Paul Franklin and Kip S Thorne},
  title = {Gravitational lensing by spinning black holes in astrophysics, and in the {movieInterstellar}},
  journal = {Classical and Quantum Gravity},
}

@article{belanger2010and,
  title={The what, where and why of real-time simulation},
  author={Belanger, J and Venne, P and Paquin, Jean-Nicolas},
  journal={Planet Rt},
  volume={1},
  number={1},
  pages={25--29},
  year={2010}
}

@article{Fragile_2007,
  doi = {10.1086/521092},
  url = {https://doi.org/10.1086\%2F521092},
  year = 2007,
  month = {oct},
  publisher = {{IOP} Publishing},
  volume = {668},
  number = {1},
  pages = {417--429},
  author = {P. Chris Fragile and Omer M. Blaes and Peter Anninos and Jay D. Salmonson},
  title = {Global General Relativistic Magnetohydrodynamic Simulation of a Tilted Black Hole Accretion Disk},
  journal = {The Astrophysical Journal},
}

    @MISC{list-of-process-modelling-lang,
        author = {Pawlewski, Pawel},
        year = {2014},
        month = {12},
        pages = {716-720},
        title = {Multimodal Approach to Modeling of Manufacturing Processes},
        volume = {17},
        journal = {Procedia CIRP},
        doi = {10.1016/j.procir.2014.01.130},
        url = "https://www.researchgate.net/publication/270980703_Multimodal_Approach_to_Modeling_of_Manufacturing_Processes"
    }

    @BOOK{Pravidla,
      author =       "Zdeněk Hlavsa and others",
      title =        "{\it Pravidla českého pravopisu}",
      publisher =    "Academia",
      year =         "2005",
      isbn =         "80-200-1327-X",
    }

    @BOOK{Knuth,
      author =       "Donald E. Knuth",
      title =        "{\it The {\TeX}book}",
      publisher =    "Addison-Wesley Publishing Company",
      year =         "1996",
      isbn =         "0-201-13447-0",
    }

    @BOOK{Rybicka,
      author =       "Jiří Rybička",
      title =        "{\it {\LaTeX} pro začátečníky}",
      publisher =    "Konvoj",
      year =         "1999",
      isbn =         "ISBN~80-85615-77-0",
    }

    @BOOK{Olsak,
      author =       "Petr Olšák",
      title =        "{\it {\TeX}book naruby}",
      publisher =    "Konvoj",
      year =         "2001",
      isbn =         "I80-7302-0007-6",
    }

    @BOOK{Eikh,
      author =       "Victor Eikhout",
      title =        "{\it {\TeX}by Topics, a {\TeX}nitian's Reference }",
      publisher =    "Addison-Wesley UK",
      year =         "2001",
      isbn =         "0-201-56882-9",
    }

    @MISC{cstugWeb,
      author =       "Petr Sojka and others",
      title =        "{\it Československé sdružení uživatelů {\TeX}u}",
      url =          "http://www.cstug.cz",
      note =         "[Online; navštíveno 12.05.2016]"
    }

    @MISC{fitWeb,
      author =       "Zdena Rábová and Petr Hanáček and Petr Peringer and Petr Přikryl and Bohuslav Křena",
      title =        "{\it Užitečné rady pro psaní práce}",
      howpublished = "FIT VUT v~Brně",
      year =         "2008",
      month =        Nov,
      url =          "http://www.fit.vutbr.cz/info/szz/psani_textu.php",
      note =         "[Online; navštíveno 30.07.2018]"
    }

    @MISC{citace,
      author =       "Zdena Rábová and Petr Hanáček and Petr Peringer and Petr Přikryl and Bohuslav Křena",
      title =        "{\it Pravidla pro bibliografické citace}",
      howpublished = "FIT VUT v Brně",
      year =         "2014",
      month =        Mar,
      url =          "http://www.fit.vutbr.cz/info/szz/bib\_citace.php",
      note =         "[Online; navštíveno 31.07.2017]"
    }

    @MISC{biblio,
      author =       "Olga Biernátová and Jan Skůpa",
      title =        "{\it Bibliografické odkazy a citace dokumentů}",
      url =          "http://www.citace.com/download/CSN-ISO-690.pdf",
      month =        Sep,
      year =         "2011",
      note =         "[Online; navštíveno 14.07.2017]"
    }

    @MISC{formalniBP,
      author =       "Zdena Rábová and Petr Přikryl and Petr Peringer and Petr Lampa and Bohuslav Křena",
      title =        "{\it Závazné pokyny pro vypracování a odevzdání bakalářské práce}",
      url =          "http://www.fit.vutbr.cz/info/szz/pokyny\_bp.php",
      note =         "[Online; navštíveno 30.06.2016]"
    }

    @MISC{formalniDP,
      author =       "Zdena Rábová and Petr Přikryl and Petr Peringer and Petr Lampa and Bohuslav Křena",
      title =        "{\it Závazné pokyny pro vypracování a odevzdání diplomové práce}",
      url =          "http://www.fit.vutbr.cz/info/szz/pokyny\_dp.php",
      note =         "[Online; navštíveno 30.06.2016]"
    }

    @MISC{smernice,
      author =       "Petr Štěpánek",
      title =        "{\it Směrnice rektora č. 72/2017 -- Úprava, odevzdávání a zveřejňování závěrečných prací}",
      url =          "https://www.vutbr.cz/uredni-deska/vnitrni-predpisy-a-dokumenty/smernice-c-72-2017-uprava-odevzdavani-a-zverejnovani-zaverecnych-praci-d161410",
      note =         "[Online; navštíveno 27.07.2018]"
    }

   @MISC{smerniceFIT,
      author =       "Pavel Zemčík",
      title =        "{\it Směrnice děkana č. 7/2018 -- Úprava, odevzdávání a zveřejňování závěrečných prací na FIT VUT}",
      url =          "https://www.vutbr.cz/uredni-deska/vnitrni-predpisy-a-dokumenty/-d161410/uplne-zneni-smernice-c-72-2017-p162769",
      note =         "[Online; navštíveno 27.07.2018]"
    }

    @MISC{prirucka,
      key =          "Cerna",
      author =       "Anna Černá and Jan Chromý and Hana Konečná and others",
      title =        "{\it Internetová jazyková příručka -- Ústav pro jazyk český Akademie věd ČR, v. v. i.}",
      howpublished = "Centrum zpracování přirozeného jazyka FI MU",
      url =          "http://prirucka.ujc.cas.cz/",
      note =         "[Online; navštíveno 30.07.2018]"
    }

    @MISC{Herout,
      author =       "Adam Herout",
      title =        "{\it herout.net -- Poznámky učitele, kouče, čtenáře.}",
      url =          "http://www.herout.net/",
      note =         "[Online; navštíveno 30.07.2018]"
    }

    @MISC{chyby,
      author =       "Igor Szöke",
      title =        "{\it Textová část BP/DP - Lessons learned}",
      url =          "http://blog.igor.szoke.cz/2012/01/textova-cast-bpdp-lessons-learned-1.html",
      note =         "[Online; navštíveno 30.07.2018]"
    }

    @MISC{rady,
      author =       "Igor Szöke",
      title =        "{\it Píšete diplomku? 15+1 rad, které vám pomohou.}",
      url =          "http://blog.igor.szoke.cz/2011/12/pisete-diplomku-151-rad-ktere-vam.html",
      note =         "[Online; navštíveno 30.07.2018]"
    }

    @MISC{Beran,
      author =       "Vítězslav Beran",
      title =        "{\it Beran-BP DP Projekty}",
      url =          "http://merlin.fit.vutbr.cz/wiki/index.php/Beran-BP_DP_Projekty",
      note =         "[Online; navštíveno 15.07.2016]"
    }

    @MISC{BeranPDF,
      author =       "Vítězslav Beran",
      title =        "{\it Jak psát technickou zprávu}",
      url =          "http://www.fit.vutbr.cz/\\textasciitilde beranv/podpora/Jak\%20psat\%20technickou\%20zpravu.pdf",
      note =         "[Online; navštíveno 30.07.2018]"
    }

    @MISC{Cernocky,
      key =          "Cernocky",
      author =       "Jan Černocký",
      title =        "{\it Cernocky BP DP-obecne}",
      url =          "http://merlin.fit.vutbr.cz/wiki/index.php/Cernocky\_BP\_DP-obecne",
      note =         "[Online; navštíveno 25.07.2016]"
    }

    @MISC{CernockyEnglish,
      key =          "Cernocky",
      author =       "Jan Černocký",
      title =        "{\it English SOS}",
      url =          "https://merlin.fit.vutbr.cz/wiki/index.php/English_SOS",
      note =         "[Online; navštíveno 25.07.2016]"
    }

    @MISC{Zemcik,
      author =       "Pavel Zemčík",
      title =        "{\it Všeobecné pokyny pro studenty a vůbec}",
      url =          "http://www.fit.vutbr.cz/~zemcik/Pokyny.pdf",
      note =         "[Online; navštíveno 25.07.2016]"
    }

    @BOOK{Lebrun2011,
      author =       {Jean-Luc Lebrun},
      title =        {\it Scientific Writing 2.0: a reader and writer's guide},
      publisher =    {World Scientific Publishing},
      year =         {2011},
      isbn =         "9814350605",
      owner =        {herout},
      timestamp =    {2015.01.20}
    }
